<collection xmlns="http://www.loc.gov/MARC21/slim">
<record>
  <leader>02019nam0a22003371i 450 </leader>
  <controlfield tag="001">IT\ICCU\CNCE\071523</controlfield>
  <controlfield tag="005">20170714000000.0</controlfield>
  <datafield tag="012" ind1=" " ind2=" ">
    <subfield code="a">j.is daj. v.pe *Bsi (C) 1511 (R)</subfield>
    <subfield code="2">fei</subfield>
  </datafield>
  <datafield tag="100" ind1=" " ind2=" ">
    <subfield code="a">20070801d1511        0itac0103    ba</subfield>
  </datafield>
  <datafield tag="101" ind1=" " ind2=" ">
    <subfield code="a">LAT</subfield>
  </datafield>
  <datafield tag="102" ind1=" " ind2=" ">
    <subfield code="a">IT</subfield>
  </datafield>
  <datafield tag="200" ind1="1" ind2=" ">
    <subfield code="a">Consilia Ioa. Cal. &amp; Gas. eius filij &amp; Dominici de sancto Gemi</subfield>
  </datafield>
  <datafield tag="210" ind1=" " ind2=" ">
    <subfield code="e">Mediolani</subfield>
    <subfield code="g">per Iohannem Angelum Scinzenzeler</subfield>
    <subfield code="g">opera et impensa nobilium mercatorum Iohannis Iacobi et fratrum de Lignano</subfield>
    <subfield code="h">1511 die vltimo mensis Martij</subfield>
  </datafield>
  <datafield tag="215" ind1=" " ind2=" ">
    <subfield code="a">\12!, 12, \58! c.</subfield>
    <subfield code="d">fol</subfield>
  </datafield>
  <datafield tag="620" ind1=" " ind2=" ">
    <subfield code="a">IT</subfield>
    <subfield code="d">Milano</subfield>
  </datafield>
  <datafield tag="700" ind1=" " ind2="1">
    <subfield code="a">Calderini,</subfield>
    <subfield code="b">Giovanni</subfield>
    <subfield code="3">IT\ICCU\CNCA\002377</subfield>
  </datafield>
  <datafield tag="702" ind1=" " ind2="0">
    <subfield code="a">Domenico</subfield>
    <subfield code="c"> : da#San Gimignano</subfield>
    <subfield code="3">IT\ICCU\CNCA\003150</subfield>
  </datafield>
  <datafield tag="702" ind1=" " ind2="1">
    <subfield code="a">Calderini,</subfield>
    <subfield code="b">Gaspare</subfield>
    <subfield code="3">IT\ICCU\CNCA\002168</subfield>
  </datafield>
  <datafield tag="712" ind1="0" ind2="0">
    <subfield code="a">Da_Legnano, Giovanni Giacomo &amp; fratelli</subfield>
    <subfield code="3">IT\ICCU\CNCT\001554</subfield>
    <subfield code="4">650</subfield>
  </datafield>
  <datafield tag="712" ind1="0" ind2="0">
    <subfield code="a">Scinzenzeler, Giovanni Angelo</subfield>
    <subfield code="3">IT\ICCU\CNCT\000084</subfield>
    <subfield code="4">650</subfield>
  </datafield>
  <datafield tag="790" ind1=" " ind2="0">
    <subfield code="a">Dominicus</subfield>
    <subfield code="c"> : de#Sancto Geminiano</subfield>
    <subfield code="3">IT\ICCU\CNCA\015373</subfield>
    <subfield code="z">Domenico : da#San Gimignano</subfield>
  </datafield>
  <datafield tag="790" ind1=" " ind2="0">
    <subfield code="a">Dominicus</subfield>
    <subfield code="c"> : Geminianus</subfield>
    <subfield code="3">IT\ICCU\CNCA\018831</subfield>
    <subfield code="z">Domenico : da#San Gimignano</subfield>
  </datafield>
  <datafield tag="790" ind1=" " ind2="1">
    <subfield code="a">San Gimignano,</subfield>
    <subfield code="b">Domenico : da</subfield>
    <subfield code="3">IT\ICCU\CNCA\018834</subfield>
    <subfield code="z">Domenico : da#San Gimignano</subfield>
  </datafield>
  <datafield tag="790" ind1=" " ind2="0">
    <subfield code="a">Dominicus</subfield>
    <subfield code="c"> : a#Sancto Giminiano</subfield>
    <subfield code="3">IT\ICCU\CNCA\022590</subfield>
    <subfield code="z">Domenico : da#San Gimignano</subfield>
  </datafield>
  <datafield tag="791" ind1="0" ind2="0">
    <subfield code="a">Schinzenzeler, Giovanni Angelo</subfield>
    <subfield code="3">IT\ICCU\CNCT\005621</subfield>
    <subfield code="z">Scinzenzeler, Giovanni Angelo</subfield>
  </datafield>
  <datafield tag="801" ind1=" " ind2="3">
    <subfield code="a">IT</subfield>
    <subfield code="b">ICCU</subfield>
    <subfield code="c">20201115</subfield>
  </datafield>
  <datafield tag="899" ind1=" " ind2=" ">
    <subfield code="a">British Library. London</subfield>
    <subfield code="1">UK0001</subfield>
  </datafield>
  <datafield tag="911" ind1=" " ind2=" ">
    <subfield code="a">Sul front.</subfield>
    <subfield code="9">IT\ICCU\CNCM\000318</subfield>
  </datafield>
  <datafield tag="911" ind1=" " ind2=" ">
    <subfield code="a">Nel coloph.</subfield>
    <subfield code="9">IT\ICCU\CNCM\001580</subfield>
  </datafield>
  <datafield tag="921" ind1=" " ind2=" ">
    <subfield code="a">IT\ICCU\CNCM\000318</subfield>
    <subfield code="b">Angelo sostiene tra le braccia l&apos;ostia raggiante con al centro il monogramma di Cristo e intorno al cerchio: Io. Iacomo e fratel De Legnano. In basso: IOL</subfield>
    <subfield code="c">K79</subfield>
    <subfield code="c">V108</subfield>
    <subfield code="c">Z87</subfield>
    <subfield code="d">Dimensioni 4,3 x 8,7</subfield>
    <subfield code="f">ANGELO</subfield>
    <subfield code="f">IOL</subfield>
    <subfield code="f">MONOGRAMMA</subfield>
    <subfield code="f">OSTIA</subfield>
    <subfield code="g">1503-1516</subfield>
  </datafield>
  <datafield tag="921" ind1=" " ind2=" ">
    <subfield code="a">IT\ICCU\CNCM\001580</subfield>
    <subfield code="b">Cerchio con croce doppia a bracci obliqui poggiante su tronco. All&apos;interno del cerchio: Io. An. S.</subfield>
    <subfield code="c">U476</subfield>
    <subfield code="d">Dimensioni: 5,5 x 7,9</subfield>
    <subfield code="f">CERCHIO</subfield>
    <subfield code="f">CROCE</subfield>
    <subfield code="f">IOANS</subfield>
    <subfield code="g">1510-1523</subfield>
  </datafield>
</record>
</collection>
